@article{aksin,

  year          = 2018,
  journal   = {Teste of references},
  author       = {Aks{\i}n, {\"O}zge and T{\"u}rkmen, Hayati and Artok, Levent
                  and {\c{C}}etinkaya, Bekir and Ni, Chaoying and
                  B{\"u}y{\"u}kg{\"u}ng{\"o}r, Orhan and {\"O}zkal, Erhan},
  title        = {Effect of immobilization on catalytic characteristics of
                  saturated {Pd-N}-heterocyclic carbenes in {Mizoroki-Heck}
                  reactions},
  journaltitle = jomch,
  date         = 2006,
  volume       = 691,
  number       = 13,
  pages        = {3027-3036},
  indextitle   = {Effect of immobilization on catalytic characteristics},
}

@article{angenendt,
  author       = {Angenendt, Arnold},
  title        = {In Honore Salvatoris~-- Vom Sinn und Unsinn der
                  Patrozinienkunde},
  journaltitle = {Revue d'Histoire Eccl{\'e}siastique},
  date         = 2002,
  volume       = 97,
  pages        = {431--456, 791--823},
  langid       = {german},
  indextitle   = {In Honore Salvatoris},
  shorttitle   = {In Honore Salvatoris},
  
  year          = 2018,
  journal   = {Teste of references},
  annotation   = {A German article in a French journal. Apart from that, a
                  typical \texttt{article} entry. Note the \texttt{indextitle}
                  field},
}

@article{doody,
  author       = {Doody, Terrence},
  title        = {Hemingway's Style and {Jake's} Narration},
  year         = 1974,
  volume       = 4,
  number       = 3,
  pages        = {212-225},
  langid       = {english},
  langidopts   = {variant=american},
  related      = {matuz:doody},
  relatedstring= {\autocap{e}xcerpt in},
  journal      = {The Journal of Narrative Technique},
  annotation   = {An \texttt{article} entry cited as an excerpt from a
                  \texttt{collection} entry. Note the format of the
                  \texttt{related} and \texttt{relatedstring} fields},
}


@article{gillies,
  author       = {Gillies, Alexander},
  title        = {Herder and the Preparation of {Goethe's} Idea of World
                  Literature},
  journaltitle = {Publications of the English Goethe Society},
  date         = 1933,
  series       = {newseries},
  volume       = 9,
  pages        = {46-67},
  year          = 2018,
  journal   = {Teste of references},
  langid       = {english},
  langidopts   = {variant=british},
  annotation   = {An \texttt{article} entry with a \texttt{series} and a
                  \texttt{volume} field. Note that format of the \texttt{series}
                  field in the database file},
}

@article{stdmodel,
  author       = {Glashow, Sheldon},
  title        = {Partial Symmetries of Weak Interactions},
  journaltitle = {Nucl.~Phys.},
  date         = 1961,
  volume       = 22,
  year          = 2018,
  journal   = {Teste of references},
  pages        = {579-588},
}